
@Misc{AssetoCorsa,
  author       = {Asseto Corsa},
  howpublished = {{URL:} \url{https://assettocorsa.gg}},
  title        = {Asseto Corsa Home},
  year         = {2012},
  langid       = {english},
  language     = {english},
  organization = {KUNOS Simulazioni Srl},
  urldate      = {2024-07-04},
}
@Misc{iRacing,
  author       = {Dave Kaemmer and John Henry},
  howpublished = {{URL:} \url{https://www.iracing.com/overview/}},
  title        = {What is iRacing?},
  year         = {2003},
  langid       = {english},
  language     = {english},
  organization = {iRacing.com Motorsport Simulations, LLC},
  urldate      = {2024-07-04},
}
@Misc{rFactor,
  author       = {rFactor},
  howpublished = {{URL:} \url{https://www.rfactor.net/}},
  title        = {rFactor Home},
  year         = {2004},
  langid       = {english},
  language     = {english},
  organization = {Image Space Incorporated},
  urldate      = {2024-07-04},
}
@Misc{granTurismo,
  author       = {Kazunori Yamauchi},
  howpublished = {{URL:} \url{https://www.gran-turismo.com/es/}},
  title        = {Gran Turismo Home},
  year         = {1997},
  langid       = {spanish},
  language     = {spanish},
  organization = {Sony Interactive Entertainment Inc.},
  urldate      = {2024-07-04},
}
@Misc{motec,
  author       = {MoTeC},
  howpublished = {{URL:} \url{https://www.motec.com.au}},
  title        = {MoTeC Home},
  langid       = {english},
  language     = {english},
  organization = {Bosch Group},
  urldate      = {2024-07-04},
}
@Misc{atlas,
  author       = {McLaren Applied Atlas},
  howpublished = {{URL:} \url{https://mclarenapplied.com/products/atlas-advanced-telemetry-linked-acquisition-system}},
  title        = {McLaren Applied Atlas Home},
  year         = {1997},
  langid       = {english},
  language     = {english},
  organization = {McLaren Applied},
  urldate      = {2024-07-04},
}
@Misc{vrs,
  author       = {Virtual Racing School},
  howpublished = {{URL:} \url{https://vrs.racing/}},
  title        = {VRS Home},
  langid       = {english},
  language     = {english},
  organization = {Smarty Co},
  urldate      = {2024-07-04},
}
@Misc{srt,
  author       = {Sim Racing Telemetry},
  howpublished = {{URL:} \url{https://garage61.net/about}},
  title        = {Garage 61 Home},
  year         = {2018},
  langid       = {english},
  language     = {english},
  organization = {UNAmedia},
  urldate      = {2024-07-04},
}
@Misc{g61,
  author       = {Garage 61},
  howpublished = {{URL:} \url{https://garage61.net}},
  title        = {Garage 61 Home},
  year         = {2018},
  langid       = {english},
  language     = {english},
  organization = {arage61.net},
  urldate      = {2024-07-04},
}
@Misc{gg_vc,
  author       = {Grid-and-go},
  howpublished = {{URL:} \url{https://grid-and-go.com/virtual-coach/}},
  title        = {Grid-and-go Virtual Coach},
  year         = {2023},
  langid       = {english},
  language     = {english},
  organization = {grid-and-go.com},
  urldate      = {2024-07-04},
}
@Misc{mu,
  author       = {Patrick Moore},
  howpublished = {{URL:} \url{https://github.com/patrickmoore/Mu}},
  title        = {Mu - Telemetry Exporter for iRacing},
  year         = {2015},
  langid       = {english},
  language     = {english},
  urldate      = {2024-07-04},
}
@Misc{motec_cap,
  author       = {GSN538},
  howpublished = {{URL:} \url{https://www.youtube.com/watch?app=desktop&v=EoxauivrI8s}},
  title        = {GT6 Motec i2 Pro Data Logger + Replay video (Captura de vídeo)},
  year         = {2015},
  langid       = {english},
  language     = {english},
  urldate      = {2024-07-04},
}
@Misc{atlas_cap,
  author       = {GripRules},
  howpublished = {{URL:} \url{https://www.youtube.com/watch?v=rSObDsj28CA}},
  title        = {ATLAS - Radical @ Watkins tire temps (Captura de vídeo)},
  year         = {2012},
  langid       = {english},
  language     = {english},
  urldate      = {2024-07-04},
}
@Misc{srt_cap,
  author       = {UNAMedia},
  howpublished = {{URL:} \url{https://store.steampowered.com/app/845210/Sim_Racing_Telemetry/}},
  title        = {Imagen promocional de Sim Racing Telemetry},
  year         = {2018},
  langid       = {english},
  language     = {english},
  urldate      = {2024-07-04},
}
@Misc{vrs_cap,
  author       = {Smarty Co},
  howpublished = {{URL:} \url{https://virtualracingschool.com/academy/tag/steering/}},
  title        = {Imagen promocional de Virtual Racing School},
  year         = {2016},
  langid       = {english},
  language     = {english},
  urldate      = {2024-07-04},
}
@Misc{g61_cap,
  author       = {Garage61},
  howpublished = {{URL:} \url{https://garage61.net/whatsnew}},
  title        = {Imagen promocional de Garage 61},
  year         = {2023},
  langid       = {english},
  language     = {english},
  urldate      = {2024-07-04},
}
@Misc{gg_vc_cap,
  author       = {Grid-and-go},
  howpublished = {{URL:} \url{https://grid-and-go.com/virtual-coach/}},
  title        = {Imagen promocional de Grid-and-go Virtual Coach},
  year         = {2023},
  langid       = {english},
  language     = {english},
  urldate      = {2024-07-04},
}
@Misc{irsdk,
  author       = {Dean Netherton},
  howpublished = {{URL:} \url{https://github.com/vipoo/irsdk}},
  title        = {iRSDK},
  year         = {2014},
  langid       = {english},
  language     = {english},
  urldate      = {2024-07-04},
}
@Misc{pyirsdk,
  author       = {Mihail Latyshov},
  howpublished = {{URL:} \url{https://github.com/kutu/pyirsdk/tree/master}},
  title        = {Python iRacing SDK},
  year         = {2014},
  langid       = {english},
  language     = {english},
  urldate      = {2024-07-04},
}
@Misc{itelem,
  author       = {Georgi Martsenkov},
  howpublished = {{URL:} \url{https://github.com/gmartsenkov/itelem}},
  title        = {Itelem},
  year         = {2023},
  langid       = {english},
  language     = {english},
  urldate      = {2024-07-04},
}
@Misc{ibt-telemetry,
  author       = {Steven Inskip},
  howpublished = {{URL:} \url{https://github.com/patrickmoore/Mu}},
  title        = {iRacing Telemetry Parser},
  year         = {2017},
  langid       = {english},
  language     = {english},
  urldate      = {2024-07-04},
}
@Misc{MacQueen1967,
  author       = {James MacQueen},
  howpublished = {{URL:} \url{https://digitalassets.lib.berkeley.edu/math/ucb/text/math_s5_v1_article-17.pdf}},
  title        = {Some Methods for Classification and Analysis of Multivariate Observations},
  year         = {1967},
  langid       = {english},
  language     = {english},
  organization = {University of California Press},
  urldate      = {2024-07-04},
}

@Misc{Jain1988,
  author       = {Anil K. Jain and Richard C. Dubes},
  howpublished = {{URL:} \url{https://homepages.inf.ed.ac.uk/rbf/BOOKS/JAIN/Clustering_Jain_Dubes.pdf}},
  title        = {Algorithms for Clustering Data},
  year         = {1988},
  langid       = {english},
  language     = {english},
  organization = {Prentice-Hall},
  urldate      = {2024-07-04},
}

@Misc{Hartigan1979,
  author       = {John A. Hartigan and Manchek A. Wong},
  howpublished = {{URL:} \url{https://www.jstor.org/stable/2346830}},
  title        = {Algorithm AS 136: A K-means clustering algorithm},
  year         = {1979},
  langid       = {english},
  language     = {english},
  organization = {Journal of the Royal Statistical Society},
  urldate      = {2024-07-04},
}
@Misc{Bezdek1981,
  author       = {James C. Bezdek},
  howpublished = {{URL:} \url{https://link.springer.com/book/10.1007/978-1-4757-0450-1}},
  title        = {Pattern Recognition with Fuzzy Objective Function Algorithms},
  year         = {1981},
  langid       = {english},
  language     = {english},
  organization = {Springer},
  urldate      = {2024-07-04},
}

@Misc{Hathaway1996,
  author       = {Richard J. Hathaway y James C. Bezdek},
  howpublished = {{URL:} \url{https://www.researchgate.net/publication/5607056_Fuzzy_C-means_clustering_of_incomplete_data}},
  title        = {Fuzzy c-means clustering of incomplete data},
  year         = {1996},
  langid       = {english},
  language     = {english},
  organization = {IEEE Transactions on Systems, Man, and Cybernetics, Part B (Cybernetics)},
  urldate      = {2024-07-04},
}

@Misc{Dunn1973,
  author       = {Joseph C. Dunn},
  howpublished = {{URL:} \url{https://www.tandfonline.com/doi/abs/10.1080/01969727308546046}},
  title        = {A fuzzy relative of the ISODATA process and its use in detecting compact well-separated clusters},
  year         = {1973},
  langid       = {english},
  language     = {english},
  organization = {Journal of Cybernetics},
  urldate      = {2024-07-04},
}

@Misc{Pal1995,
  author       = {Nikhil R. Pal y James C. Bezdek},
  howpublished = {{URL:} \url{https://www.researchgate.net/publication/3335612_On_cluster_validity_for_the_fuzzy_c-means_model}},
  title        = {On cluster validity for the fuzzy c-means model},
  year         = {1995},
  langid       = {english},
  language     = {english},
  organization = {IEEE Transactions on Fuzzy Systems},
  urldate      = {2024-07-04},
}

@Book{Duda2000,
  author       = {Richard O. Duda, Peter E. Hart, and David G. Stork},
  title        = {Pattern Classification},
  year         = {2000},
  publisher    = {Wiley-Interscience},
  langid       = {english},
  url          = {https://www.wiley.com/en-us/Pattern+Classification-p-9780471056690},
}

@Book{Hastie2009,
  author       = {Trevor Hastie, Robert Tibshirani, and Jerome Friedman},
  title        = {The Elements of Statistical Learning: Data Mining, Inference, and Prediction},
  year         = {2009},
  publisher    = {Springer},
  langid       = {english},
  url          = {https://link.springer.com/book/10.1007/978-0-387-84858-7},
}

@Book{Bishop2006,
  author       = {Christopher M. Bishop},
  title        = {Pattern Recognition and Machine Learning},
  year         = {2006},
  publisher    = {Springer},
  langid       = {english},
  url          = {https://www.springer.com/gp/book/9780387310732},
}

@Misc{UniOviedoKMeans,
  author       = {Universidad de Oviedo},
  howpublished = {{URL:} \url{https://www.unioviedo.es/compnum/labs/PYTHON/kmeans.html}},
  title        = {K-means Clustering},
  year         = {2024},
  langid       = {english},
  language     = {english},
  organization = {Universidad de Oviedo},
  urldate      = {2024-07-11},
}

@Misc{ResearchGateFuzzySets,
  author       = {ResearchGate},
  howpublished = {{URL:} \url{https://www.researchgate.net/figure/Figura-2-Terminos-relativos-a-los-conjuntos-borrosos-60_fig1_287240920}},
  title        = {Términos Relativos a los Conjuntos Borrosos},
  year         = {2015},
  langid       = {spanish},
  language     = {spanish},
  organization = {ResearchGate},
  urldate      = {2024-07-11},
}

@Book{Beck2004,
  author       = {Kent Beck},
  title        = {Extreme Programming Explained: Embrace Change (2nd Edition)},
  year         = {2004},
  publisher    = {Addison-Wesley},
  langid       = {english},
}
@Misc{xp_wiki,
  author       = {Wikipedia},
  title        = {Extreme Programming},
  howpublished = {\url{https://en.wikipedia.org/wiki/Extreme_programming#/media/File:Extreme_Programming.svg}},
  year         = {2024},
  note         = {Accedido: 2024-07-11}
}
@Book{Evans2004,
  author       = {Eric Evans},
  title        = {Domain-Driven Design: Tackling Complexity in the Heart of Software},
  year         = {2004},
  publisher    = {Addison-Wesley},
  langid       = {english},
}

@Book{Vernon2013,
  author       = {Vaughn Vernon},
  title        = {Implementing Domain-Driven Design},
  year         = {2013},
  publisher    = {Addison-Wesley},
  langid       = {english},
}
@Misc{Cockburn2005,
  author       = {Alistair Cockburn},
  title        = {Hexagonal Architecture},
  howpublished = {\url{https://alistair.cockburn.us/hexagonal-architecture/}},
  year         = {2005},
  note         = {Accedido: 2024-07-11}
}

@Book{Vernon2016,
  author       = {Vaughn Vernon},
  title        = {Domain-Driven Design Distilled},
  year         = {2016},
  publisher    = {Addison-Wesley},
  langid       = {english},
}
@Misc{hexagonal_architecture,
  author       = {Vaadin},
  howpublished = {{URL:} \url{https://vaadin.com/static/content/learning-center/learn/tutorials/ddd/03__ddd_and_hexagonal/images/hexagonal.png}},
  title        = {Hexagonal Architecture},
  year         = {2024},
  langid       = {english},
  language     = {english},
  organization = {Vaadin},
  urldate      = {2024-07-15},
}

@Misc{randstad,
  author       = {Randstad},
  howpublished = {{URL:} \url{https://www.randstad.es/calculadora-salarial/}},
  title        = {Calculador salarial},
  year         = {2024},
  langid       = {spanish},
  language     = {spanish},
  urldate      = {2024-07-15},
}

@Misc{glassdoor,
  author       = {Glassdoor},
  howpublished = {{URL:} \url{https://www.glassdoor.es}},
  title        = {Glassdoor},
  year         = {2024},
  langid       = {spanish},
  language     = {spanish},
  urldate      = {2024-07-15},
}

@Misc{kiwiremoto,
  author       = {Kiwi Remoto},
  howpublished = {{URL:} \url{https://www.kiwiremoto.com/sueldos-trabajos-remoto/}},
  title        = {Sueldos de los trabajos en remoto 2024},
  year         = {2024},
  langid       = {spanish},
  language     = {spanish},
  urldate      = {2024-07-15},
}
@Misc{macos14_5_release_notes,
  author       = {Apple Inc.},
  howpublished = {{URL:} \url{https://developer.apple.com/documentation/macos-release-notes/macos-14_5-release-notes}},
  title        = {macOS 14.5 Release Notes},
  year         = {2024},
  langid       = {english},
  language     = {english},
  organization = {Apple Inc.},
  urldate      = {2024-07-11},
}
@Misc{rust_release_notes_1_79,
  author       = {Rust Language Team},
  howpublished = {{URL:} \url{https://releases.rs/docs/1.79.0/}},
  title        = {Rust 1.79.0 Release Notes},
  year         = {2024},
  langid       = {english},
  language     = {english},
  organization = {Rust Foundation},
  urldate      = {2024-07-11},
}
@Misc{mozilla_js,
  author       = {Mozilla Developer Network (MDN)},
  howpublished = {{URL:} \url{https://developer.mozilla.org/es/docs/Web/JavaScript}},
  title        = {JavaScript - MDN Web Docs},
  year         = {2024},
  langid       = {spanish},
  language     = {spanish},
  organization = {Mozilla Foundation},
  urldate      = {2024-07-11},
}
@Misc{json,
  author       = {JSON},
  howpublished = {{URL:} \url{https://www.json.org/json-es.html}},
  title        = {Introducing JSON},
  year         = {2024},
  langid       = {spanish},
  language     = {spanish},
  organization = {JSON},
  urldate      = {2024-07-17},
}
@Misc{YAML,
  author       = {yaml},
  howpublished = {{URL:} \url{https://yaml.org}},
  title        = {YAML Ain't Markup Language (YAML)},
  year         = {2024},
  langid       = {english},
  language     = {english},
  organization = {YAML},
  urldate      = {2024-07-17},
}
@Misc{TOML,
  author       = {toml},
  howpublished = {{URL:} \url{https://toml.io/en/}},
  title        = {TOML: Tom's Obvious Minimal Language},
  year         = {2024},
  langid       = {english},
  language     = {english},
  organization = {TOML},
  urldate      = {2024-07-17},
}
@Misc{html,
  author       = {MDN Web Docs},
  howpublished = {{URL:} \url{https://developer.mozilla.org/es/docs/Web/HTML}},
  title        = {HTML: Lenguaje de Marcado de Hipertexto},
  year         = {2024},
  langid       = {spanish},
  language     = {spanish},
  organization = {Mozilla},
  urldate      = {2024-07-17},
}
@Misc{css,
  author       = {MDN Web Docs},
  howpublished = {{URL:} \url{https://developer.mozilla.org/es/docs/Web/CSS}},
  title        = {CSS: Hojas de Estilo en Cascada},
  year         = {2024},
  langid       = {spanish},
  language     = {spanish},
  organization = {Mozilla},
  urldate      = {2024-07-17},
}
@Misc{dockerfile,
  author       = {Docker},
  howpublished = {{URL:} \url{https://docs.docker.com/engine/reference/builder/}},
  title        = {Dockerfile reference},
  year         = {2024},
  langid       = {english},
  language     = {english},
  organization = {Docker Inc.},
  urldate      = {2024-07-17},
}
@Misc{mongodb,
  author       = {MongoDB, Inc.},
  title        = {MongoDB 7.0 Release Notes},
  howpublished = {\url{https://www.mongodb.com/docs/manual/release-notes/7.0/}},
  year         = {2024},
  langid       = {english},
  urldate      = {2024-07-15}
}
@Misc{mongodb_compass,
  author       = {MongoDB, Inc.},
  title        = {MongoDB Compass Release Notes},
  howpublished = {\url{https://www.mongodb.com/docs/compass/current/release-notes/}},
  year         = {2024},
  langid       = {english},
  urldate      = {2024-07-15}
}
@Misc{bash,
  author       = {GNU Project},
  title        = {Bash},
  howpublished = {\url{https://www.gnu.org/software/bash/}},
  year         = {2024},
  langid       = {english},
  urldate      = {2024-07-15}
}
@Misc{async_trait,
  author       = {David Tolnay},
  title        = {async-trait},
  howpublished = {\url{https://crates.io/crates/async-trait}},
  year         = {2024},
  langid       = {english},
  urldate      = {2024-07-15}
}

@Misc{axum,
  author       = {Tokio Team},
  title        = {axum},
  howpublished = {\url{https://crates.io/crates/axum}},
  year         = {2024},
  langid       = {english},
  urldate      = {2024-07-15}
}

@Misc{base64,
  author       = {Marcin Koziarski},
  title        = {base64},
  howpublished = {\url{https://crates.io/crates/base64}},
  year         = {2024},
  langid       = {english},
  urldate      = {2024-07-15}
}

@Misc{bson,
  author       = {MongoDB, Inc.},
  title        = {bson},
  howpublished = {\url{https://crates.io/crates/bson}},
  year         = {2024},
  langid       = {english},
  urldate      = {2024-07-15}
}

@Misc{chrono,
  author       = {Time-rs},
  title        = {chrono},
  howpublished = {\url{https://crates.io/crates/chrono}},
  year         = {2024},
  langid       = {english},
  urldate      = {2024-07-15}
}

@Misc{config,
  author       = {Janos Herrmann},
  title        = {config},
  howpublished = {\url{https://crates.io/crates/config}},
  year         = {2024},
  langid       = {english},
  urldate      = {2024-07-15}
}

@Misc{futures,
  author       = {Alex Crichton},
  title        = {futures},
  howpublished = {\url{https://crates.io/crates/futures}},
  year         = {2024},
  langid       = {english},
  urldate      = {2024-07-15}
}

@Misc{futures_util,
  author       = {Alex Crichton},
  title        = {futures-util},
  howpublished = {\url{https://crates.io/crates/futures-util}},
  year         = {2024},
  langid       = {english},
  urldate      = {2024-07-15}
}

@Misc{gloo,
  author       = {Gloo-rs},
  title        = {gloo},
  howpublished = {\url{https://crates.io/crates/gloo}},
  year         = {2024},
  langid       = {english},
  urldate      = {2024-07-15}
}

@Misc{gloo_events,
  author       = {Gloo-rs},
  title        = {gloo-events},
  howpublished = {\url{https://crates.io/crates/gloo-events}},
  year         = {2024},
  langid       = {english},
  urldate      = {2024-07-15}
}

@Misc{gloo_net,
  author       = {Gloo-rs},
  title        = {gloo-net},
  howpublished = {\url{https://crates.io/crates/gloo-net}},
  year         = {2024},
  langid       = {english},
  urldate      = {2024-07-15}
}

@Misc{js_sys,
  author       = {Rust-Wasm Working Group},
  title        = {js-sys},
  howpublished = {\url{https://crates.io/crates/js-sys}},
  year         = {2024},
  langid       = {english},
  urldate      = {2024-07-15}
}

@Misc{log,
  author       = {The Rust Logging Library Team},
  title        = {log},
  howpublished = {\url{https://crates.io/crates/log}},
  year         = {2024},
  langid       = {english},
  urldate      = {2024-07-15}
}

@Misc{mime,
  author       = {Hyperium},
  title        = {mime},
  howpublished = {\url{https://crates.io/crates/mime}},
  year         = {2024},
  langid       = {english},
  urldate      = {2024-07-15}
}

@Misc{mockall,
  author       = {Asomers},
  title        = {mockall},
  howpublished = {\url{https://crates.io/crates/mockall}},
  year         = {2024},
  langid       = {english},
  urldate      = {2024-07-15}
}

@Misc{mongodb_crate,
  author       = {MongoDB, Inc.},
  title        = {mongodb},
  howpublished = {\url{https://crates.io/crates/mongodb}},
  year         = {2024},
  langid       = {english},
  urldate      = {2024-07-15}
}

@Misc{ndarray,
  author       = {Bluss},
  title        = {ndarray},
  howpublished = {\url{https://crates.io/crates/ndarray}},
  year         = {2024},
  langid       = {english},
  urldate      = {2024-07-15}
}

@Misc{plotly,
  author       = {Plotly},
  title        = {plotly},
  howpublished = {\url{https://crates.io/crates/plotly}},
  year         = {2024},
  langid       = {english},
  urldate      = {2024-07-15}
}

@Misc{rand,
  author       = {The Rust Rand Library Team},
  title        = {rand},
  howpublished = {\url{https://crates.io/crates/rand}},
  year         = {2024},
  langid       = {english},
  urldate      = {2024-07-15}
}

@Misc{reqwest,
  author       = {Sean McArthur},
  title        = {reqwest},
  howpublished = {\url{https://crates.io/crates/reqwest}},
  year         = {2024},
  langid       = {english},
  urldate      = {2024-07-15}
}

@Misc{serde,
  author       = {Erick Tryzelaar},
  title        = {serde},
  howpublished = {\url{https://crates.io/crates/serde}},
  year         = {2024},
  langid       = {english},
  urldate      = {2024-07-15}
}

@Misc{serde_json,
  author       = {Erick Tryzelaar},
  title        = {serde-json},
  howpublished = {\url{https://crates.io/crates/serde-json}},
  year         = {2024},
  langid       = {english},
  urldate      = {2024-07-15}
}

@Misc{serde_wasm_bindgen,
  author       = {Erick Tryzelaar},
  title        = {serde-wasm-bindgen},
  howpublished = {\url{https://crates.io/crates/serde-wasm-bindgen}},
  year         = {2024},
  langid       = {english},
  urldate      = {2024-07-15}
}

@Misc{serde_yaml,
  author       = {Erick Tryzelaar},
  title        = {serde-yaml},
  howpublished = {\url{https://crates.io/crates/serde-yaml}},
  year         = {2024},
  langid       = {english},
  urldate      = {2024-07-15}
}

@Misc{sha256,
  author       = {Joey Parsons},
  title        = {sha256},
  howpublished = {\url{https://crates.io/crates/sha256}},
  year         = {2024},
  langid       = {english},
  urldate      = {2024-07-15}
}

@Misc{thiserror,
  author       = {David Tolnay},
  title        = {thiserror},
  howpublished = {\url{https://crates.io/crates/thiserror}},
  year         = {2024},
  langid       = {english},
  urldate      = {2024-07-15}
}

@Misc{tokio,
  author       = {Tokio Team},
  title        = {tokio},
  howpublished = {\url{https://crates.io/crates/tokio}},
  year         = {2024},
  langid       = {english},
  urldate      = {2024-07-15}
}

@Misc{tower_http,
  author       = {Tower-rs},
  title        = {tower-http},
  howpublished = {\url{https://crates.io/crates/tower-http}},
  year         = {2024},
  langid       = {english},
  urldate      = {2024-07-15}
}
@Misc{tracing,
  author       = {Tokio Team},
  title        = {tracing},
  howpublished = {\url{https://crates.io/crates/tracing}},
  year         = {2024},
  langid       = {english},
  urldate      = {2024-07-15}
}

@Misc{tracing_subscriber,
  author       = {Tokio Team},
  title        = {tracing-subscriber},
  howpublished = {\url{https://crates.io/crates/tracing-subscriber}},
  year         = {2024},
  langid       = {english},
  urldate      = {2024-07-15}
}

@Misc{urlencoding,
  author       = {Andrew Gallant},
  title        = {urlencoding},
  howpublished = {\url{https://crates.io/crates/urlencoding}},
  year         = {2024},
  langid       = {english},
  urldate      = {2024-07-15}
}

@Misc{uuid,
  author       = {David Tolnay},
  title        = {uuid},
  howpublished = {\url{https://crates.io/crates/uuid}},
  year         = {2024},
  langid       = {english},
  urldate      = {2024-07-15}
}

@Misc{wasm_bindgen,
  author       = {Rust-Wasm Working Group},
  title        = {wasm-bindgen},
  howpublished = {\url{https://crates.io/crates/wasm-bindgen}},
  year         = {2024},
  langid       = {english},
  urldate      = {2024-07-15}
}

@Misc{wasm_bindgen_futures,
  author       = {Rust-Wasm Working Group},
  title        = {wasm-bindgen-futures},
  howpublished = {\url{https://crates.io/crates/wasm-bindgen-futures}},
  year         = {2024},
  langid       = {english},
  urldate      = {2024-07-15}
}

@Misc{wasm_bindgen_file_reader,
  author       = {Rust-Wasm Working Group},
  title        = {wasm-bindgen-file-reader},
  howpublished = {\url{https://crates.io/crates/wasm-bindgen-file-reader}},
  year         = {2024},
  langid       = {english},
  urldate      = {2024-07-15}
}

@Misc{wasm_logger,
  author       = {Rust-Wasm Working Group},
  title        = {wasm-logger},
  howpublished = {\url{https://crates.io/crates/wasm-logger}},
  year         = {2024},
  langid       = {english},
  urldate      = {2024-07-15}
}

@Misc{web_sys,
  author       = {Rust-Wasm Working Group},
  title        = {web-sys},
  howpublished = {\url{https://crates.io/crates/web-sys}},
  year         = {2024},
  langid       = {english},
  urldate      = {2024-07-15}
}

@Misc{yew,
  author       = {Yew Contributors},
  title        = {yew},
  howpublished = {\url{https://crates.io/crates/yew}},
  year         = {2024},
  langid       = {english},
  urldate      = {2024-07-15}
}

@Misc{yew_hooks,
  author       = {Yew Contributors},
  title        = {yew-hooks},
  howpublished = {\url{https://crates.io/crates/yew-hooks}},
  year         = {2024},
  langid       = {english},
  urldate      = {2024-07-15}
}

@Misc{yew_router,
  author       = {Yew Contributors},
  title        = {yew-router},
  howpublished = {\url{https://crates.io/crates/yew-router}},
  year         = {2024},
  langid       = {english},
  urldate      = {2024-07-15}
}
@Misc{bulma,
  author       = {Jeremy Thomas},
  title        = {Bulma: Free, open source, and modern CSS framework based on Flexbox},
  howpublished = {\url{https://bulma.io}},
  year         = {2024},
  langid       = {english},
  urldate      = {2024-07-15}
}
@Misc{plotly_js,
  author       = {Plotly Technologies Inc.},
  title        = {Plotly JavaScript Open Source Graphing Library},
  howpublished = {\url{https://plotly.com/javascript/}},
  year         = {2024},
  langid       = {english},
  urldate      = {2024-07-15}
}
@Misc{rust_cargo,
  author       = {The Rust Project Developers},
  title        = {The Cargo Book},
  howpublished = {\url{https://doc.rust-lang.org/cargo/}},
  year         = {2024},
  langid       = {english},
  urldate      = {2024-07-15}
}
@Misc{trunk,
  author       = {Trunk Development Team},
  title        = {Trunk: Build and Bundle your Rust WASM Applications},
  howpublished = {\url{https://trunkrs.dev}},
  year         = {2024},
  langid       = {english},
  urldate      = {2024-07-15}
}
@Misc{xx,
  author       = {Tonis Tiigi},
  title        = {xx: Cross Compilation Utility},
  howpublished = {\url{https://github.com/tonistiigi/xx/releases}},
  year         = {2024},
  langid       = {english},
  urldate      = {2024-07-15}
}
@Misc{rust_rover,
  author       = {JetBrains},
  title        = {RustRover: Rust IDE},
  howpublished = {\url{https://www.jetbrains.com/es-es/rust/}},
  year         = {2024},
  langid       = {spanish},
  urldate      = {2024-07-15}
}
@Misc{vim,
  author       = {Bram Moolenaar},
  title        = {Vim 9.0},
  howpublished = {\url{https://www.vim.org/vim90.php}},
  year         = {2024},
  langid       = {english},
  urldate      = {2024-07-15}
}
@Misc{xxd,
  author       = {FreeBSD},
  title        = {xxd Manual Page},
  howpublished = {\url{https://man.freebsd.org/cgi/man.cgi?query=xxd&sektion=1}},
  year         = {2024},
  langid       = {english},
  urldate      = {2024-07-15}
}
@Misc{chrome,
  author       = {Google LLC},
  title        = {Google Chrome},
  howpublished = {\url{https://www.google.com/intl/es_es/chrome/}},
  year         = {2024},
  langid       = {spanish},
  urldate      = {2024-07-15}
}
@Misc{latex_project,
  author       = {LaTeX Project},
  title        = {About LaTeX Project},
  howpublished = {\url{https://www.latex-project.org/about/}},
  year         = {2024},
  langid       = {english},
  urldate      = {2024-07-15}
}
@Misc{chatgpt,
  author       = {OpenAI},
  title        = {ChatGPT: Generative Pre-trained Transformer},
  howpublished = {\url{https://www.openai.com/research/chatgpt}},
  year         = {2024},
  langid       = {english},
  urldate      = {2024-07-15}
}
@Misc{overleaf,
  author       = {Overleaf},
  title        = {Overleaf: LaTeX Online Editor},
  howpublished = {\url{https://es.overleaf.com/}},
  year         = {2024},
  langid       = {spanish},
  urldate      = {2024-07-15}
}
@Misc{github_actions,
  author       = {GitHub},
  title        = {GitHub Actions},
  howpublished = {\url{https://github.com/features/actions}},
  year         = {2024},
  langid       = {english},
  urldate      = {2024-07-15}
}
@Misc{codecov,
  author       = {Codecov},
  title        = {Codecov},
  howpublished = {\url{https://about.codecov.io}},
  year         = {2024},
  langid       = {english},
  urldate      = {2024-07-15}
}
@Misc{garg2023,
  author       = {Sahil Garg},
  title        = {Why Rust is Good for WebAssembly and Path to Learning It},
  howpublished = {\url{https://dev.to/sahilgarg/why-rust-is-good-for-web-assembly-and-path-to-learning-it-2njf}},
  year         = {2023},
  note         = {Accessed: 2024-07-15},
  langid       = {english},
}
@Misc{rust_panic_2023,
    author       = {{Rust Programming Language}},
    title        = {To \texttt{panic!} or not to \texttt{panic!}},
    year         = 2023,
    url          = {https://doc.rust-lang.org/book/ch09-03-to-panic-or-not-to-panic.html},
    note         = {Accessed: 2024-07-11}
}
@Misc{cratesio,
  author       = {The Rust Community},
  title        = {crates.io: The Rust community’s crate registry},
  howpublished = {\url{https://crates.io}},
  year         = {2024},
  langid       = {english},
  urldate      = {2024-07-15}
}
@Misc{axum_github,
  author       = {Tokio-RS},
  title        = {Axum},
  howpublished = {\url{https://github.com/tokio-rs/axum}},
  year         = {2024},
  note         = {Accessed: 2024-07-15},
  langid       = {english},
}

@Misc{elm_components,
  author       = {Elm},
  title        = {Components},
  howpublished = {\url{https://elm.land/concepts/components}},
  year         = {2024},
  note         = {Accessed: 2024-07-15},
  langid       = {english},
}

@Misc{green_thread,
  author       = {Wikipedia},
  title        = {Green thread},
  howpublished = {\url{https://en.wikipedia.org/wiki/Green_thread}},
  year         = {2024},
  note         = {Accessed: 2024-07-15},
  langid       = {english},
}

@Misc{react,
  author       = {Meta},
  title        = {React - Una biblioteca de JavaScript para crear interfaces de usuario},
  howpublished = {\url{https://es.react.dev/}},
  year         = {2024},
  note         = {Accessed: 2024-07-15},
  langid       = {spanish},
}